@Manual{,
    title = {R: A Language and Environment for Statistical Computing},
    author = {{R Core Team}},
    organization = {R Foundation for Statistical Computing},
    address = {Vienna, Austria},
    year = {2021},
    url = {https://www.R-project.org/},
  }

To cite package ‘dplyr’ in publications use:

  Hadley Wickham, Romain François, Lionel Henry and Kirill Müller (2021). dplyr: A Grammar of Data Manipulation. R package
  version 1.0.7. https://CRAN.R-project.org/package=dplyr

A BibTeX entry for LaTeX users is

  @Manual{,
    title = {dplyr: A Grammar of Data Manipulation},
    author = {Hadley Wickham and Romain François and Lionel Henry and Kirill Müller},
    year = {2021},
    note = {R package version 1.0.7},
    url = {https://CRAN.R-project.org/package=dplyr},
  }


To cite package ‘fs’ in publications use:

  Jim Hester, Hadley Wickham and Gábor Csárdi (2021). fs: Cross-Platform File System Operations Based on 'libuv'. R package
  version 1.5.2. https://CRAN.R-project.org/package=fs

A BibTeX entry for LaTeX users is

  @Manual{,
    title = {fs: Cross-Platform File System Operations Based on 'libuv'},
    author = {Jim Hester and Hadley Wickham and Gábor Csárdi},
    year = {2021},
    note = {R package version 1.5.2},
    url = {https://CRAN.R-project.org/package=fs},
  }


To cite package ‘glue’ in publications use:

  Jim Hester and Jennifer Bryan (2021). glue: Interpreted String Literals. R package version 1.5.1.
  https://CRAN.R-project.org/package=glue

A BibTeX entry for LaTeX users is

  @Manual{,
    title = {glue: Interpreted String Literals},
    author = {Jim Hester and Jennifer Bryan},
    year = {2021},
    note = {R package version 1.5.1},
    url = {https://CRAN.R-project.org/package=glue},
  }


To cite package ‘here’ in publications use:

  Kirill Müller (2020). here: A Simpler Way to Find Your Files. R package version 1.0.1.
  https://CRAN.R-project.org/package=here

A BibTeX entry for LaTeX users is

  @Manual{,
    title = {here: A Simpler Way to Find Your Files},
    author = {Kirill Müller},
    year = {2020},
    note = {R package version 1.0.1},
    url = {https://CRAN.R-project.org/package=here},
  }


To cite package ‘janitor’ in publications use:

  Sam Firke (2021). janitor: Simple Tools for Examining and Cleaning Dirty Data. R package version 2.1.0.
  https://CRAN.R-project.org/package=janitor

A BibTeX entry for LaTeX users is

  @Manual{,
    title = {janitor: Simple Tools for Examining and Cleaning Dirty Data},
    author = {Sam Firke},
    year = {2021},
    note = {R package version 2.1.0},
    url = {https://CRAN.R-project.org/package=janitor},
  }


To cite lubridate in publications use:

  Garrett Grolemund, Hadley Wickham (2011). Dates and Times Made Easy with lubridate. Journal of Statistical Software, 40(3),
  1-25. URL https://www.jstatsoft.org/v40/i03/.

A BibTeX entry for LaTeX users is

  @Article{,
    title = {Dates and Times Made Easy with {lubridate}},
    author = {Garrett Grolemund and Hadley Wickham},
    journal = {Journal of Statistical Software},
    year = {2011},
    volume = {40},
    number = {3},
    pages = {1--25},
    url = {https://www.jstatsoft.org/v40/i03/},
  }


To cite package ‘purrr’ in publications use:

  Lionel Henry and Hadley Wickham (2020). purrr: Functional Programming Tools. R package version 0.3.4.
  https://CRAN.R-project.org/package=purrr

A BibTeX entry for LaTeX users is

  @Manual{,
    title = {purrr: Functional Programming Tools},
    author = {Lionel Henry and Hadley Wickham},
    year = {2020},
    note = {R package version 0.3.4},
    url = {https://CRAN.R-project.org/package=purrr},
  }


To cite package ‘qualtRics’ in publications use:

  Jasper Ginn and Julia Silge (2021). qualtRics: Download 'Qualtrics' Survey Data. R package version 3.1.5.
  https://CRAN.R-project.org/package=qualtRics

A BibTeX entry for LaTeX users is

  @Manual{,
    title = {qualtRics: Download 'Qualtrics' Survey Data},
    author = {Jasper Ginn and Julia Silge},
    year = {2021},
    note = {R package version 3.1.5},
    url = {https://CRAN.R-project.org/package=qualtRics},
  }


To cite package ‘readr’ in publications use:

  Hadley Wickham, Jim Hester and Jennifer Bryan (2021). readr: Read Rectangular Text Data. R package version 2.1.1.
  https://CRAN.R-project.org/package=readr

A BibTeX entry for LaTeX users is

  @Manual{,
    title = {readr: Read Rectangular Text Data},
    author = {Hadley Wickham and Jim Hester and Jennifer Bryan},
    year = {2021},
    note = {R package version 2.1.1},
    url = {https://CRAN.R-project.org/package=readr},
  }


To cite package ‘stringr’ in publications use:

  Hadley Wickham (2019). stringr: Simple, Consistent Wrappers for Common String Operations. R package version 1.4.0.
  https://CRAN.R-project.org/package=stringr

A BibTeX entry for LaTeX users is

  @Manual{,
    title = {stringr: Simple, Consistent Wrappers for Common String Operations},
    author = {Hadley Wickham},
    year = {2019},
    note = {R package version 1.4.0},
    url = {https://CRAN.R-project.org/package=stringr},
  }


To cite jsonlite in publications use:

  Jeroen Ooms (2014). The jsonlite Package: A Practical and Consistent Mapping Between JSON Data and R Objects.
  arXiv:1403.2805 [stat.CO] URL https://arxiv.org/abs/1403.2805.

A BibTeX entry for LaTeX users is

  @Article{,
    title = {The jsonlite Package: A Practical and Consistent Mapping Between JSON Data and R Objects},
    author = {Jeroen Ooms},
    journal = {arXiv:1403.2805 [stat.CO]},
    year = {2014},
    url = {https://arxiv.org/abs/1403.2805},
  }


To cite package ‘rvest’ in publications use:

  Hadley Wickham (2021). rvest: Easily Harvest (Scrape) Web Pages. R package version 1.0.2.
  https://CRAN.R-project.org/package=rvest

A BibTeX entry for LaTeX users is

  @Manual{,
    title = {rvest: Easily Harvest (Scrape) Web Pages},
    author = {Hadley Wickham},
    year = {2021},
    note = {R package version 1.0.2},
    url = {https://CRAN.R-project.org/package=rvest},
  }


To cite package ‘tibble’ in publications use:

  Kirill Müller and Hadley Wickham (2021). tibble: Simple Data Frames. R package version 3.1.6.
  https://CRAN.R-project.org/package=tibble

A BibTeX entry for LaTeX users is

  @Manual{,
    title = {tibble: Simple Data Frames},
    author = {Kirill Müller and Hadley Wickham},
    year = {2021},
    note = {R package version 3.1.6},
    url = {https://CRAN.R-project.org/package=tibble},
  }


To cite package ‘tidyr’ in publications use:

  Hadley Wickham (2021). tidyr: Tidy Messy Data. R package version 1.1.4. https://CRAN.R-project.org/package=tidyr

A BibTeX entry for LaTeX users is

  @Manual{,
    title = {tidyr: Tidy Messy Data},
    author = {Hadley Wickham},
    year = {2021},
    note = {R package version 1.1.4},
    url = {https://CRAN.R-project.org/package=tidyr},
  }


To cite package ‘writexl’ in publications use:

  Jeroen Ooms (2021). writexl: Export Data Frames to Excel 'xlsx' Format. R package version 1.4.0.
  https://CRAN.R-project.org/package=writexl

A BibTeX entry for LaTeX users is

  @Manual{,
    title = {writexl: Export Data Frames to Excel 'xlsx' Format},
    author = {Jeroen Ooms},
    year = {2021},
    note = {R package version 1.4.0},
    url = {https://CRAN.R-project.org/package=writexl},
  }


To cite package ‘utf8’ in publications use:

  Patrick O. Perry (2021). utf8: Unicode Text Processing. R package version 1.2.2. https://CRAN.R-project.org/package=utf8

A BibTeX entry for LaTeX users is

  @Manual{,
    title = {utf8: Unicode Text Processing},
    author = {Patrick O. Perry},
    year = {2021},
    note = {R package version 1.2.2},
    url = {https://CRAN.R-project.org/package=utf8},
  }


To cite the 'rmarkdown' package in publications, please use:

  JJ Allaire and Yihui Xie and Jonathan McPherson and Javier Luraschi and Kevin Ushey and Aron Atkins and Hadley Wickham and
  Joe Cheng and Winston Chang and Richard Iannone (2021). rmarkdown: Dynamic Documents for R. R package version 2.11. URL
  https://rmarkdown.rstudio.com.

A BibTeX entry for LaTeX users is

  @Manual{,
    title = {rmarkdown: Dynamic Documents for R},
    author = {JJ Allaire and Yihui Xie and Jonathan McPherson and Javier Luraschi and Kevin Ushey and Aron Atkins and Hadley Wickham and Joe Cheng and Winston Chang and Richard Iannone},
    year = {2021},
    note = {R package version 2.11},
    url = {https://github.com/rstudio/rmarkdown},
  }

  Yihui Xie and J.J. Allaire and Garrett Grolemund (2018). R Markdown: The Definitive Guide. Chapman and Hall/CRC. ISBN
  9781138359338. URL https://bookdown.org/yihui/rmarkdown.

A BibTeX entry for LaTeX users is

  @Book{,
    title = {R Markdown: The Definitive Guide},
    author = {Yihui Xie and J.J. Allaire and Garrett Grolemund},
    publisher = {Chapman and Hall/CRC},
    address = {Boca Raton, Florida},
    year = {2018},
    note = {ISBN 9781138359338},
    url = {https://bookdown.org/yihui/rmarkdown},
  }

  Yihui Xie and Christophe Dervieux and Emily Riederer (2020). R Markdown Cookbook. Chapman and Hall/CRC. ISBN 9780367563837.
  URL https://bookdown.org/yihui/rmarkdown-cookbook.

A BibTeX entry for LaTeX users is

  @Book{,
    title = {R Markdown Cookbook},
    author = {Yihui Xie and Christophe Dervieux and Emily Riederer},
    publisher = {Chapman and Hall/CRC},
    address = {Boca Raton, Florida},
    year = {2020},
    note = {ISBN 9780367563837},
    url = {https://bookdown.org/yihui/rmarkdown-cookbook},
  }


To cite corrplot in publications use:

  Taiyun Wei and Viliam Simko (2021). R package 'corrplot': Visualization of a Correlation Matrix (Version 0.92). Available
  from https://github.com/taiyun/corrplot

A BibTeX entry for LaTeX users is

  @Manual{corrplot2021,
    title = {R package 'corrplot': Visualization of a Correlation Matrix},
    author = {Taiyun Wei and Viliam Simko},
    year = {2021},
    note = {(Version 0.92)},
    url = {https://github.com/taiyun/corrplot},
  }


To cite package ‘flextable’ in publications use:

  David Gohel (2021). flextable: Functions for Tabular Reporting. R package version 0.6.10.
  https://CRAN.R-project.org/package=flextable

A BibTeX entry for LaTeX users is

  @Manual{,
    title = {flextable: Functions for Tabular Reporting},
    author = {David Gohel},
    year = {2021},
    note = {R package version 0.6.10},
    url = {https://CRAN.R-project.org/package=flextable},
  }


To cite package 'GPArotation' in publications use:

  Bernaards, Coen A. and Jennrich, Robert I. (2005) Gradient Projection Algorithms and Software for ArbitraryRotation
  Criteria in Factor Analysis, Educational and Psychological Measurement: 65, 676-696.
  <http://www.stat.ucla.edu/research/gpa>

A BibTeX entry for LaTeX users is

  @Article{,
    author = {Coen A. Bernaards and Robert I.Jennrich},
    year = {2005},
    title = {Gradient Projection Algorithms and Software for Arbitrary
             Rotation Criteria in Factor Analysis},
    journal = {Educational and Psychological Measurement},
    volume = {65},
    pages = {676--696},
  }


To cite the 'knitr' package in publications use:

  Yihui Xie (2021). knitr: A General-Purpose Package for Dynamic Report Generation in R. R package version 1.36.

A BibTeX entry for LaTeX users is

  @Manual{,
    title = {knitr: A General-Purpose Package for Dynamic Report Generation in R},
    author = {Yihui Xie},
    year = {2021},
    note = {R package version 1.36},
    url = {https://yihui.org/knitr/},
  }

  Yihui Xie (2015) Dynamic Documents with R and knitr. 2nd edition. Chapman and Hall/CRC. ISBN 978-1498716963

A BibTeX entry for LaTeX users is

  @Book{,
    title = {Dynamic Documents with {R} and knitr},
    author = {Yihui Xie},
    publisher = {Chapman and Hall/CRC},
    address = {Boca Raton, Florida},
    year = {2015},
    edition = {2nd},
    note = {ISBN 978-1498716963},
    url = {https://yihui.org/knitr/},
  }

  Yihui Xie (2014) knitr: A Comprehensive Tool for Reproducible Research in R. In Victoria Stodden, Friedrich Leisch and
  Roger D. Peng, editors, Implementing Reproducible Computational Research. Chapman and Hall/CRC. ISBN 978-1466561595

A BibTeX entry for LaTeX users is

  @InCollection{,
    booktitle = {Implementing Reproducible Computational Research},
    editor = {Victoria Stodden and Friedrich Leisch and Roger D. Peng},
    title = {knitr: A Comprehensive Tool for Reproducible Research in {R}},
    author = {Yihui Xie},
    publisher = {Chapman and Hall/CRC},
    year = {2014},
    note = {ISBN 978-1466561595},
    url = {http://www.crcpress.com/product/isbn/9781466561595},
  }


To cite package ‘nFactors’ in publications use:

  Gilles Raiche and David Magis (2020). nFactors: Parallel Analysis and Other Non Graphical Solutions to the Cattell Scree
  Test. R package version 2.4.1. https://CRAN.R-project.org/package=nFactors

A BibTeX entry for LaTeX users is

  @Manual{,
    title = {nFactors: Parallel Analysis and Other Non Graphical Solutions to the
Cattell Scree Test},
    author = {Gilles Raiche and David Magis},
    year = {2020},
    note = {R package version 2.4.1},
    url = {https://CRAN.R-project.org/package=nFactors},
  }

ATTENTION: This citation information has been auto-generated from the package DESCRIPTION file and may need manual editing,
see ‘help("citation")’.


To cite package ‘progress’ in publications use:

  Gábor Csárdi and Rich FitzJohn (2019). progress: Terminal Progress Bars. R package version 1.2.2.
  https://CRAN.R-project.org/package=progress

A BibTeX entry for LaTeX users is

  @Manual{,
    title = {progress: Terminal Progress Bars},
    author = {Gábor Csárdi and Rich FitzJohn},
    year = {2019},
    note = {R package version 1.2.2},
    url = {https://CRAN.R-project.org/package=progress},
  }

ATTENTION: This citation information has been auto-generated from the package DESCRIPTION file and may need manual editing,
see ‘help("citation")’.


To cite the psych package in publications use:

  Revelle, W. (2021) psych: Procedures for Personality and Psychological Research, Northwestern University, Evanston,
  Illinois, USA, https://CRAN.R-project.org/package=psych Version = 2.1.9,.

A BibTeX entry for LaTeX users is

  @Manual{,
    title = {psych: Procedures for Psychological, Psychometric, and Personality Research},
    author = {William Revelle},
    organization = { Northwestern University},
    address = { Evanston, Illinois},
    year = {2021},
    note = {R package version 2.1.9},
    url = {https://CRAN.R-project.org/package=psych},
  }


To cite package ‘xtable’ in publications use:

  David B. Dahl, David Scott, Charles Roosen, Arni Magnusson and Jonathan Swinton (2019). xtable: Export Tables to LaTeX or
  HTML. R package version 1.8-4. https://CRAN.R-project.org/package=xtable

A BibTeX entry for LaTeX users is

  @Manual{,
    title = {xtable: Export Tables to LaTeX or HTML},
    author = {David B. Dahl and David Scott and Charles Roosen and Arni Magnusson and Jonathan Swinton},
    year = {2019},
    note = {R package version 1.8-4},
    url = {https://CRAN.R-project.org/package=xtable},
  }


To cite package ‘officer’ in publications use:

  David Gohel (2021). officer: Manipulation of Microsoft Word and PowerPoint Documents. R package version 0.4.1.
  https://CRAN.R-project.org/package=officer

A BibTeX entry for LaTeX users is

  @Manual{,
    title = {officer: Manipulation of Microsoft Word and PowerPoint Documents},
    author = {David Gohel},
    year = {2021},
    note = {R package version 0.4.1},
    url = {https://CRAN.R-project.org/package=officer},
  }


To cite package ‘tidyselect’ in publications use:

  Lionel Henry and Hadley Wickham (2021). tidyselect: Select from a Set of Strings. R package version 1.1.1.
  https://CRAN.R-project.org/package=tidyselect

A BibTeX entry for LaTeX users is

  @Manual{,
    title = {tidyselect: Select from a Set of Strings},
    author = {Lionel Henry and Hadley Wickham},
    year = {2021},
    note = {R package version 1.1.1},
    url = {https://CRAN.R-project.org/package=tidyselect},
  }


To cite MVN in publications use:

  Korkmaz S, Goksuluk D, Zararsiz G. MVN: An R Package for Assessing Multivariate Normality. The R Journal. 2014
  6(2):151-162.

A BibTeX entry for LaTeX users is

  @Article{,
    title = {MVN: An R Package for Assessing Multivariate Normality.},
    author = {Selcuk Korkmaz and Dincer Goksuluk and Gokmen Zararsiz},
    journal = {The R Journal},
    year = {2014},
    volume = {6},
    number = {2},
    pages = {151--162},
    url = {https://journal.r-project.org/archive/2014-2/korkmaz-goksuluk-zararsiz.pdf},
  }


To cite package ‘rpart’ in publications use:

  Terry Therneau and Beth Atkinson (2019). rpart: Recursive Partitioning and Regression Trees. R package version 4.1-15.
  https://CRAN.R-project.org/package=rpart

A BibTeX entry for LaTeX users is

  @Manual{,
    title = {rpart: Recursive Partitioning and Regression Trees},
    author = {Terry Therneau and Beth Atkinson},
    year = {2019},
    note = {R package version 4.1-15},
    url = {https://CRAN.R-project.org/package=rpart},
  }


To cite lavaan in publications use:

  Yves Rosseel (2012). lavaan: An R Package for Structural Equation Modeling. Journal of Statistical Software, 48(2), 1-36.
  URL https://www.jstatsoft.org/v48/i02/.

A BibTeX entry for LaTeX users is

  @Article{,
    title = {{lavaan}: An {R} Package for Structural Equation Modeling},
    author = {Yves Rosseel},
    journal = {Journal of Statistical Software},
    year = {2012},
    volume = {48},
    number = {2},
    pages = {1--36},
    url = {https://www.jstatsoft.org/v48/i02/},
  }


To cite package ‘semPlot’ in publications use:

  Sacha Epskamp (2019). semPlot: Path Diagrams and Visual Analysis of Various SEM Packages' Output. R package version 1.1.2.
  https://CRAN.R-project.org/package=semPlot

A BibTeX entry for LaTeX users is

  @Manual{,
    title = {semPlot: Path Diagrams and Visual Analysis of Various SEM Packages'
Output},
    author = {Sacha Epskamp},
    year = {2019},
    note = {R package version 1.1.2},
    url = {https://CRAN.R-project.org/package=semPlot},
  }


To cite package ‘magrittr’ in publications use:

  Stefan Milton Bache and Hadley Wickham (2020). magrittr: A Forward-Pipe Operator for R. R package version 2.0.1.
  https://CRAN.R-project.org/package=magrittr

A BibTeX entry for LaTeX users is

  @Manual{,
    title = {magrittr: A Forward-Pipe Operator for R},
    author = {Stefan Milton Bache and Hadley Wickham},
    year = {2020},
    note = {R package version 2.0.1},
    url = {https://CRAN.R-project.org/package=magrittr},
  }


To cite package ‘forcats’ in publications use:

  Hadley Wickham (2021). forcats: Tools for Working with Categorical Variables (Factors). R package version 0.5.1.
  https://CRAN.R-project.org/package=forcats

A BibTeX entry for LaTeX users is

  @Manual{,
    title = {forcats: Tools for Working with Categorical Variables (Factors)},
    author = {Hadley Wickham},
    year = {2021},
    note = {R package version 0.5.1},
    url = {https://CRAN.R-project.org/package=forcats},
  }


To cite ggplot2 in publications, please use:

  H. Wickham. ggplot2: Elegant Graphics for Data Analysis. Springer-Verlag New York, 2016.

A BibTeX entry for LaTeX users is

  @Book{,
    author = {Hadley Wickham},
    title = {ggplot2: Elegant Graphics for Data Analysis},
    publisher = {Springer-Verlag New York},
    year = {2016},
    isbn = {978-3-319-24277-4},
    url = {https://ggplot2.tidyverse.org},
  }


To cite package ‘kableExtra’ in publications use:

  Hao Zhu (2021). kableExtra: Construct Complex Table with 'kable' and Pipe Syntax. R package version 1.3.4.
  https://CRAN.R-project.org/package=kableExtra

A BibTeX entry for LaTeX users is

  @Manual{,
    title = {kableExtra: Construct Complex Table with 'kable' and Pipe Syntax},
    author = {Hao Zhu},
    year = {2021},
    note = {R package version 1.3.4},
    url = {https://CRAN.R-project.org/package=kableExtra},
  }


Gagolewski M (2021). “stringi: Fast and portable character string processing in R.” _Journal of Statistical Software_. to
appear.

A BibTeX entry for LaTeX users is

  @Article{,
    title = {stringi: Fast and portable character string processing in R},
    author = {Marek Gagolewski},
    journal = {Journal of Statistical Software},
    year = {2021},
    note = {to appear},
  }

Gagolewski M (2021). _stringi: Fast and portable character string processing in R_. R package version 1.7.6, <URL:
https://stringi.gagolewski.com/>.

A BibTeX entry for LaTeX users is

  @Manual{,
    title = {stringi: Fast and portable character string processing in R},
    author = {Marek Gagolewski},
    year = {2021},
    note = {R package version 1.7.6},
    url = {https://stringi.gagolewski.com/},
  }


To cite viridis/viridisLite in publications use:

  Simon Garnier, Noam Ross, Robert Rudis, Antônio P. Camargo, Marco Sciaini, and Cédric Scherer (2021). Rvision -
  Colorblind-Friendly Color Maps for R. R package version 0.6.2.

A BibTeX entry for LaTeX users is

  @Manual{,
    title = {{viridis} - Colorblind-Friendly Color Maps for R},
    author = {{Garnier} and {Simon} and {Ross} and {Noam} and {Rudis} and {Robert} and {Camargo} and Antônio Pedro and {Sciaini} and {Marco} and {Scherer} and {Cédric}},
    year = {2021},
    note = {R package version 0.6.2},
    url = {https://sjmgarnier.github.io/viridis/},
    doi = {10.5281/zenodo.4679424},
    doi = {10.5281/zenodo.4679424},
  }


To cite the R package 'cluster' in publications use:

  Maechler, M., Rousseeuw, P., Struyf, A., Hubert, M., Hornik, K.(2021).  cluster: Cluster Analysis Basics and Extensions. R
  package version 2.1.2.

A BibTeX entry for LaTeX users is

  @Manual{,
    title = {cluster: Cluster Analysis Basics and Extensions},
    author = {Martin Maechler and Peter Rousseeuw and Anja Struyf and Mia Hubert and Kurt Hornik},
    year = {2021},
    url = {https://CRAN.R-project.org/package=cluster},
    note = {R package version 2.1.2 --- For new features, see the 'Changelog' file (in the package source)},
  }


To cite package ‘factoextra’ in publications use:

  Alboukadel Kassambara and Fabian Mundt (2020). factoextra: Extract and Visualize the Results of Multivariate Data Analyses.
  R package version 1.0.7. https://CRAN.R-project.org/package=factoextra

A BibTeX entry for LaTeX users is

  @Manual{,
    title = {factoextra: Extract and Visualize the Results of Multivariate Data Analyses},
    author = {Alboukadel Kassambara and Fabian Mundt},
    year = {2020},
    note = {R package version 1.0.7},
    url = {https://CRAN.R-project.org/package=factoextra},
  }


To cite package ‘ggdendro’ in publications use:

  Andrie de Vries and Brian D. Ripley (2020). ggdendro: Create Dendrograms and Tree Diagrams Using 'ggplot2'. R package
  version 0.1.22. https://CRAN.R-project.org/package=ggdendro

A BibTeX entry for LaTeX users is

  @Manual{,
    title = {ggdendro: Create Dendrograms and Tree Diagrams Using 'ggplot2'},
    author = {Andrie {de Vries} and Brian D. Ripley},
    year = {2020},
    note = {R package version 0.1.22},
    url = {https://CRAN.R-project.org/package=ggdendro},
  }


  Wickham et al., (2019). Welcome to the tidyverse. Journal of Open Source Software, 4(43), 1686,
  https://doi.org/10.21105/joss.01686

A BibTeX entry for LaTeX users is

  @Article{,
    title = {Welcome to the {tidyverse}},
    author = {Hadley Wickham and Mara Averick and Jennifer Bryan and Winston Chang and Lucy D'Agostino McGowan and Romain François and Garrett Grolemund and Alex Hayes and Lionel Henry and Jim Hester and Max Kuhn and Thomas Lin Pedersen and Evan Miller and Stephan Milton Bache and Kirill Müller and Jeroen Ooms and David Robinson and Dana Paige Seidel and Vitalie Spinu and Kohske Takahashi and Davis Vaughan and Claus Wilke and Kara Woo and Hiroaki Yutani},
    year = {2019},
    journal = {Journal of Open Source Software},
    volume = {4},
    number = {43},
    pages = {1686},
    doi = {10.21105/joss.01686},
  }


To cite package ‘gridExtra’ in publications use:

  Baptiste Auguie (2017). gridExtra: Miscellaneous Functions for "Grid" Graphics. R package version 2.3.
  https://CRAN.R-project.org/package=gridExtra

A BibTeX entry for LaTeX users is

  @Manual{,
    title = {gridExtra: Miscellaneous Functions for "Grid" Graphics},
    author = {Baptiste Auguie},
    year = {2017},
    note = {R package version 2.3},
    url = {https://CRAN.R-project.org/package=gridExtra},
  }


To cite package ‘RColorBrewer’ in publications use:

  Erich Neuwirth (2014). RColorBrewer: ColorBrewer Palettes. R package version 1.1-2.
  https://CRAN.R-project.org/package=RColorBrewer

A BibTeX entry for LaTeX users is

  @Manual{,
    title = {RColorBrewer: ColorBrewer Palettes},
    author = {Erich Neuwirth},
    year = {2014},
    note = {R package version 1.1-2},
    url = {https://CRAN.R-project.org/package=RColorBrewer},
  }


To cite package ‘rlang’ in publications use:

  Lionel Henry and Hadley Wickham (2021). rlang: Functions for Base Types and Core R and 'Tidyverse' Features. R package
  version 0.4.12. https://CRAN.R-project.org/package=rlang

A BibTeX entry for LaTeX users is

  @Manual{,
    title = {rlang: Functions for Base Types and Core R and 'Tidyverse' Features},
    author = {Lionel Henry and Hadley Wickham},
    year = {2021},
    note = {R package version 0.4.12},
    url = {https://CRAN.R-project.org/package=rlang},
  }