To cite package ‘dplyr’ in publications use:

  Hadley Wickham, Romain François, Lionel Henry and Kirill Müller (2021). dplyr: A Grammar of Data
  Manipulation. R package version 1.0.7. https://CRAN.R-project.org/package=dplyr

A BibTeX entry for LaTeX users is

  @Manual{,
    title = {dplyr: A Grammar of Data Manipulation},
    author = {Hadley Wickham and Romain François and Lionel Henry and Kirill Müller},
    year = {2021},
    note = {R package version 1.0.7},
    url = {https://CRAN.R-project.org/package=dplyr},
  }


To cite package ‘fs’ in publications use:

  Jim Hester, Hadley Wickham and Gábor Csárdi (2021). fs: Cross-Platform File System Operations Based on
  'libuv'. R package version 1.5.2. https://CRAN.R-project.org/package=fs

A BibTeX entry for LaTeX users is

  @Manual{,
    title = {fs: Cross-Platform File System Operations Based on 'libuv'},
    author = {Jim Hester and Hadley Wickham and Gábor Csárdi},
    year = {2021},
    note = {R package version 1.5.2},
    url = {https://CRAN.R-project.org/package=fs},
  }


To cite package ‘glue’ in publications use:

  Jim Hester and Jennifer Bryan (2021). glue: Interpreted String Literals. R package version 1.5.1.
  https://CRAN.R-project.org/package=glue

A BibTeX entry for LaTeX users is

  @Manual{,
    title = {glue: Interpreted String Literals},
    author = {Jim Hester and Jennifer Bryan},
    year = {2021},
    note = {R package version 1.5.1},
    url = {https://CRAN.R-project.org/package=glue},
  }


To cite package ‘here’ in publications use:

  Kirill Müller (2020). here: A Simpler Way to Find Your Files. R package version 1.0.1.
  https://CRAN.R-project.org/package=here

A BibTeX entry for LaTeX users is

  @Manual{,
    title = {here: A Simpler Way to Find Your Files},
    author = {Kirill Müller},
    year = {2020},
    note = {R package version 1.0.1},
    url = {https://CRAN.R-project.org/package=here},
  }


To cite package ‘janitor’ in publications use:

  Sam Firke (2021). janitor: Simple Tools for Examining and Cleaning Dirty Data. R package version 2.1.0.
  https://CRAN.R-project.org/package=janitor

A BibTeX entry for LaTeX users is

  @Manual{,
    title = {janitor: Simple Tools for Examining and Cleaning Dirty Data},
    author = {Sam Firke},
    year = {2021},
    note = {R package version 2.1.0},
    url = {https://CRAN.R-project.org/package=janitor},
  }


To cite lubridate in publications use:

  Garrett Grolemund, Hadley Wickham (2011). Dates and Times Made Easy with lubridate. Journal of Statistical
  Software, 40(3), 1-25. URL https://www.jstatsoft.org/v40/i03/.

A BibTeX entry for LaTeX users is

  @Article{,
    title = {Dates and Times Made Easy with {lubridate}},
    author = {Garrett Grolemund and Hadley Wickham},
    journal = {Journal of Statistical Software},
    year = {2011},
    volume = {40},
    number = {3},
    pages = {1--25},
    url = {https://www.jstatsoft.org/v40/i03/},
  }


To cite package ‘purrr’ in publications use:

  Lionel Henry and Hadley Wickham (2020). purrr: Functional Programming Tools. R package version 0.3.4.
  https://CRAN.R-project.org/package=purrr

A BibTeX entry for LaTeX users is

  @Manual{,
    title = {purrr: Functional Programming Tools},
    author = {Lionel Henry and Hadley Wickham},
    year = {2020},
    note = {R package version 0.3.4},
    url = {https://CRAN.R-project.org/package=purrr},
  }


To cite package ‘qualtRics’ in publications use:

  Jasper Ginn and Julia Silge (2021). qualtRics: Download 'Qualtrics' Survey Data. R package version 3.1.5.
  https://CRAN.R-project.org/package=qualtRics

A BibTeX entry for LaTeX users is

  @Manual{,
    title = {qualtRics: Download 'Qualtrics' Survey Data},
    author = {Jasper Ginn and Julia Silge},
    year = {2021},
    note = {R package version 3.1.5},
    url = {https://CRAN.R-project.org/package=qualtRics},
  }


To cite package ‘readr’ in publications use:

  Hadley Wickham, Jim Hester and Jennifer Bryan (2021). readr: Read Rectangular Text Data. R package version
  2.1.1. https://CRAN.R-project.org/package=readr

A BibTeX entry for LaTeX users is

  @Manual{,
    title = {readr: Read Rectangular Text Data},
    author = {Hadley Wickham and Jim Hester and Jennifer Bryan},
    year = {2021},
    note = {R package version 2.1.1},
    url = {https://CRAN.R-project.org/package=readr},
  }


To cite package ‘stringr’ in publications use:

  Hadley Wickham (2019). stringr: Simple, Consistent Wrappers for Common String Operations. R package
  version 1.4.0. https://CRAN.R-project.org/package=stringr

A BibTeX entry for LaTeX users is

  @Manual{,
    title = {stringr: Simple, Consistent Wrappers for Common String Operations},
    author = {Hadley Wickham},
    year = {2019},
    note = {R package version 1.4.0},
    url = {https://CRAN.R-project.org/package=stringr},
  }


To cite jsonlite in publications use:

  Jeroen Ooms (2014). The jsonlite Package: A Practical and Consistent Mapping Between JSON Data and R
  Objects. arXiv:1403.2805 [stat.CO] URL https://arxiv.org/abs/1403.2805.

A BibTeX entry for LaTeX users is

  @Article{,
    title = {The jsonlite Package: A Practical and Consistent Mapping Between JSON Data and R Objects},
    author = {Jeroen Ooms},
    journal = {arXiv:1403.2805 [stat.CO]},
    year = {2014},
    url = {https://arxiv.org/abs/1403.2805},
  }


To cite package ‘rvest’ in publications use:

  Hadley Wickham (2021). rvest: Easily Harvest (Scrape) Web Pages. R package version 1.0.2.
  https://CRAN.R-project.org/package=rvest

A BibTeX entry for LaTeX users is

  @Manual{,
    title = {rvest: Easily Harvest (Scrape) Web Pages},
    author = {Hadley Wickham},
    year = {2021},
    note = {R package version 1.0.2},
    url = {https://CRAN.R-project.org/package=rvest},
  }


To cite package ‘tibble’ in publications use:

  Kirill Müller and Hadley Wickham (2021). tibble: Simple Data Frames. R package version 3.1.6.
  https://CRAN.R-project.org/package=tibble

A BibTeX entry for LaTeX users is

  @Manual{,
    title = {tibble: Simple Data Frames},
    author = {Kirill Müller and Hadley Wickham},
    year = {2021},
    note = {R package version 3.1.6},
    url = {https://CRAN.R-project.org/package=tibble},
  }


To cite package ‘tidyr’ in publications use:

  Hadley Wickham (2021). tidyr: Tidy Messy Data. R package version 1.1.4.
  https://CRAN.R-project.org/package=tidyr

A BibTeX entry for LaTeX users is

  @Manual{,
    title = {tidyr: Tidy Messy Data},
    author = {Hadley Wickham},
    year = {2021},
    note = {R package version 1.1.4},
    url = {https://CRAN.R-project.org/package=tidyr},
  }


To cite package ‘writexl’ in publications use:

  Jeroen Ooms (2021). writexl: Export Data Frames to Excel 'xlsx' Format. R package version 1.4.0.
  https://CRAN.R-project.org/package=writexl

A BibTeX entry for LaTeX users is

  @Manual{,
    title = {writexl: Export Data Frames to Excel 'xlsx' Format},
    author = {Jeroen Ooms},
    year = {2021},
    note = {R package version 1.4.0},
    url = {https://CRAN.R-project.org/package=writexl},
  }


To cite package ‘tidyselect’ in publications use:

  Lionel Henry and Hadley Wickham (2021). tidyselect: Select from a Set of Strings. R package version 1.1.1.
  https://CRAN.R-project.org/package=tidyselect

A BibTeX entry for LaTeX users is

  @Manual{,
    title = {tidyselect: Select from a Set of Strings},
    author = {Lionel Henry and Hadley Wickham},
    year = {2021},
    note = {R package version 1.1.1},
    url = {https://CRAN.R-project.org/package=tidyselect},
  }


  Wickham et al., (2019). Welcome to the tidyverse. Journal of Open Source Software, 4(43), 1686,
  https://doi.org/10.21105/joss.01686

A BibTeX entry for LaTeX users is

  @Article{,
    title = {Welcome to the {tidyverse}},
    author = {Hadley Wickham and Mara Averick and Jennifer Bryan and Winston Chang and Lucy D'Agostino McGowan and Romain François and Garrett Grolemund and Alex Hayes and Lionel Henry and Jim Hester and Max Kuhn and Thomas Lin Pedersen and Evan Miller and Stephan Milton Bache and Kirill Müller and Jeroen Ooms and David Robinson and Dana Paige Seidel and Vitalie Spinu and Kohske Takahashi and Davis Vaughan and Claus Wilke and Kara Woo and Hiroaki Yutani},
    year = {2019},
    journal = {Journal of Open Source Software},
    volume = {4},
    number = {43},
    pages = {1686},
    doi = {10.21105/joss.01686},
  }


To cite the 'rmarkdown' package in publications, please use:

  JJ Allaire and Yihui Xie and Jonathan McPherson and Javier Luraschi and Kevin Ushey and Aron Atkins and
  Hadley Wickham and Joe Cheng and Winston Chang and Richard Iannone (2021). rmarkdown: Dynamic Documents
  for R. R package version 2.11. URL https://rmarkdown.rstudio.com.

A BibTeX entry for LaTeX users is

  @Manual{,
    title = {rmarkdown: Dynamic Documents for R},
    author = {JJ Allaire and Yihui Xie and Jonathan McPherson and Javier Luraschi and Kevin Ushey and Aron Atkins and Hadley Wickham and Joe Cheng and Winston Chang and Richard Iannone},
    year = {2021},
    note = {R package version 2.11},
    url = {https://github.com/rstudio/rmarkdown},
  }

  Yihui Xie and J.J. Allaire and Garrett Grolemund (2018). R Markdown: The Definitive Guide. Chapman and
  Hall/CRC. ISBN 9781138359338. URL https://bookdown.org/yihui/rmarkdown.

A BibTeX entry for LaTeX users is

  @Book{,
    title = {R Markdown: The Definitive Guide},
    author = {Yihui Xie and J.J. Allaire and Garrett Grolemund},
    publisher = {Chapman and Hall/CRC},
    address = {Boca Raton, Florida},
    year = {2018},
    note = {ISBN 9781138359338},
    url = {https://bookdown.org/yihui/rmarkdown},
  }

  Yihui Xie and Christophe Dervieux and Emily Riederer (2020). R Markdown Cookbook. Chapman and Hall/CRC.
  ISBN 9780367563837. URL https://bookdown.org/yihui/rmarkdown-cookbook.

A BibTeX entry for LaTeX users is

  @Book{,
    title = {R Markdown Cookbook},
    author = {Yihui Xie and Christophe Dervieux and Emily Riederer},
    publisher = {Chapman and Hall/CRC},
    address = {Boca Raton, Florida},
    year = {2020},
    note = {ISBN 9780367563837},
    url = {https://bookdown.org/yihui/rmarkdown-cookbook},
  }


To cite ggplot2 in publications, please use:

  H. Wickham. ggplot2: Elegant Graphics for Data Analysis. Springer-Verlag New York, 2016.

A BibTeX entry for LaTeX users is

  @Book{,
    author = {Hadley Wickham},
    title = {ggplot2: Elegant Graphics for Data Analysis},
    publisher = {Springer-Verlag New York},
    year = {2016},
    isbn = {978-3-319-24277-4},
    url = {https://ggplot2.tidyverse.org},
  }


To cite the 'knitr' package in publications use:

  Yihui Xie (2021). knitr: A General-Purpose Package for Dynamic Report Generation in R. R package version
  1.36.

A BibTeX entry for LaTeX users is

  @Manual{,
    title = {knitr: A General-Purpose Package for Dynamic Report Generation in R},
    author = {Yihui Xie},
    year = {2021},
    note = {R package version 1.36},
    url = {https://yihui.org/knitr/},
  }

  Yihui Xie (2015) Dynamic Documents with R and knitr. 2nd edition. Chapman and Hall/CRC. ISBN
  978-1498716963

A BibTeX entry for LaTeX users is

  @Book{,
    title = {Dynamic Documents with {R} and knitr},
    author = {Yihui Xie},
    publisher = {Chapman and Hall/CRC},
    address = {Boca Raton, Florida},
    year = {2015},
    edition = {2nd},
    note = {ISBN 978-1498716963},
    url = {https://yihui.org/knitr/},
  }

  Yihui Xie (2014) knitr: A Comprehensive Tool for Reproducible Research in R. In Victoria Stodden,
  Friedrich Leisch and Roger D. Peng, editors, Implementing Reproducible Computational Research. Chapman and
  Hall/CRC. ISBN 978-1466561595

A BibTeX entry for LaTeX users is

  @InCollection{,
    booktitle = {Implementing Reproducible Computational Research},
    editor = {Victoria Stodden and Friedrich Leisch and Roger D. Peng},
    title = {knitr: A Comprehensive Tool for Reproducible Research in {R}},
    author = {Yihui Xie},
    publisher = {Chapman and Hall/CRC},
    year = {2014},
    note = {ISBN 978-1466561595},
    url = {http://www.crcpress.com/product/isbn/9781466561595},
  }


To cite package ‘readxl’ in publications use:

  Hadley Wickham and Jennifer Bryan (2019). readxl: Read Excel Files. R package version 1.3.1.
  https://CRAN.R-project.org/package=readxl

A BibTeX entry for LaTeX users is

  @Manual{,
    title = {readxl: Read Excel Files},
    author = {Hadley Wickham and Jennifer Bryan},
    year = {2019},
    note = {R package version 1.3.1},
    url = {https://CRAN.R-project.org/package=readxl},
  }


To cite package ‘VennDiagram’ in publications use:

  Hanbo Chen (2021). VennDiagram: Generate High-Resolution Venn and Euler Plots. R package version 1.7.1.
  https://CRAN.R-project.org/package=VennDiagram

A BibTeX entry for LaTeX users is

  @Manual{,
    title = {VennDiagram: Generate High-Resolution Venn and Euler Plots},
    author = {Hanbo Chen},
    year = {2021},
    note = {R package version 1.7.1},
    url = {https://CRAN.R-project.org/package=VennDiagram},
  }

ATTENTION: This citation information has been auto-generated from the package DESCRIPTION file and may need
manual editing, see ‘help("citation")’.


To cite package ‘xtable’ in publications use:

  David B. Dahl, David Scott, Charles Roosen, Arni Magnusson and Jonathan Swinton (2019). xtable: Export
  Tables to LaTeX or HTML. R package version 1.8-4. https://CRAN.R-project.org/package=xtable

A BibTeX entry for LaTeX users is

  @Manual{,
    title = {xtable: Export Tables to LaTeX or HTML},
    author = {David B. Dahl and David Scott and Charles Roosen and Arni Magnusson and Jonathan Swinton},
    year = {2019},
    note = {R package version 1.8-4},
    url = {https://CRAN.R-project.org/package=xtable},
  }
